@BOOK{lamport94,
AUTHOR = {Lamport, Leslie},
TITLE = {\LaTeX~: A Document Preparation System},
PUBLISHER = {Addison Wesley, Massachusetts},
YEAR = {1994},
NOTE = {2nd edition},
}

@BOOK{knuth86,
AUTHOR = {Knuth, Donald E.},
TITLE = {The \TeX~Book},
PUBLISHER = {Addison Wesley, Massachusetts},
YEAR = {1986},
NOTE = {2nd edition},
}

@MISC{celian,
AUTHOR = {Célian},
TITLE = {Le titre que tu veux},
HOWPUBLISHED = "\url{un lien de ouf}",
YEAR = 2015,
NOTE = {Ce que tu veux là},
}

